[gd_scene load_steps=11 format=2]

[ext_resource path="res://Scenes/resources/LightSensitiveMaterial.tres" type="Material" id=1]
[ext_resource path="res://Rooms/GeneralRoom.gd" type="Script" id=2]
[ext_resource path="res://Rooms/debugBG.tscn" type="PackedScene" id=3]
[ext_resource path="res://assets/backgrounds/FloorTiles.tres" type="TileSet" id=4]
[ext_resource path="res://assets/backgrounds/WallTiles.tres" type="TileSet" id=5]
[ext_resource path="res://Scenes/StairCase.tscn" type="PackedScene" id=6]
[ext_resource path="res://Scenes/Trap.tscn" type="PackedScene" id=7]
[ext_resource path="res://Scenes/Player.tscn" type="PackedScene" id=8]
[ext_resource path="res://Scenes/Monster.tscn" type="PackedScene" id=9]
[ext_resource path="res://Scenes/CanvasLayer.tscn" type="PackedScene" id=10]

[node name="Room" type="Node2D"]
material = ExtResource( 1 )
script = ExtResource( 2 )

[node name="Floor" type="Node2D" parent="."]
use_parent_material = true

[node name="BG" parent="Floor" instance=ExtResource( 3 )]
position = Vector2( 1325.66, 391.51 )

[node name="Floor" type="TileMap" parent="Floor"]
use_parent_material = true
tile_set = ExtResource( 4 )
cell_size = Vector2( 256, 256 )
format = 1
tile_data = PoolIntArray( -196614, 0, 0, 2, 0, 0, 3, 0, 0, 4, 0, 0, 5, 0, 0, 6, 0, 0, 7, 0, 0, 8, 0, 0, 9, 0, 0, 65538, 0, 0, 65539, 0, 0, 65540, 0, 0, 65541, 1610612736, 0, 65542, 0, 0, 65543, 0, 0, 65544, 0, 0, 65545, 0, 0, 131074, 0, 0, 131075, 0, 0, 131076, 0, 0, 131077, 0, 0, 131078, 0, 0, 131079, 0, 0, 131080, 0, 0, 196608, 0, 0, 196609, 0, 0, 196610, 0, 0, 196611, 1610612736, 0, 196612, 0, 0, 196613, -1073741824, 0, 262145, -1610612736, 0, 262146, 0, 0, 262148, 0, 0, 262149, 0, 0, 327682, 0, 0, 327683, -1610612736, 0, 327684, 0, 0, 327685, 0, 0 )

[node name="Walls" type="TileMap" parent="Floor"]
use_parent_material = true
tile_set = ExtResource( 5 )
cell_size = Vector2( 256, 256 )
format = 1
tile_data = PoolIntArray( -65535, 8, 0, -65534, 7, 0, -65533, 7, 0, -65532, 7, 0, -65531, 1610612737, 0, -65530, 7, 0, -65529, 7, 0, -65528, 7, 0, -65527, 7, 0, -65526, 536870920, 0, 1, 0, 0, 5, 4, 0, 65537, 0, 0, 65539, 2, 0, 65545, 536870923, 0, 65546, -1073741823, 0, 196607, 8, 0, 131072, 7, 0, 131073, 3, 0, 131077, 536870922, 0, 131081, 1610612736, 0, 262143, 0, 0, 196611, 536870922, 0, 196613, 1610612736, 0, 196614, -1073741824, 0, 196615, -1073741824, 0, 196616, -1073741824, 0, 196617, -1073741823, 0, 327679, 1, 0, 262144, 11, 0, 262147, 4, 0, 262149, 536870915, 0, 262150, 536870920, 0, 327680, 1, 0, 327681, 11, 0, 327686, 1610612736, 0, 393217, 1, 0, 393218, -1073741824, 0, 393219, -1073741824, 0, 393220, -1073741824, 0, 393221, -1073741824, 0, 393222, 536870913, 0 )

[node name="StairCase" parent="." instance=ExtResource( 6 )]
position = Vector2( 2688, 128 )

[node name="Sprite" parent="StairCase" index="0"]
animation = "side"

[node name="Trap" parent="." instance=ExtResource( 7 )]
position = Vector2( 640, 896 )

[node name="Trap2" parent="." instance=ExtResource( 7 )]
position = Vector2( 1920, 387.755 )

[node name="Trap3" parent="." instance=ExtResource( 7 )]
position = Vector2( 1920, 128 )

[node name="YSort" type="YSort" parent="."]
use_parent_material = true

[node name="Player" parent="YSort" instance=ExtResource( 8 )]
position = Vector2( 128, 874.7 )

[node name="Monster" parent="YSort" instance=ExtResource( 9 )]
position = Vector2( 1407.66, 1408 )

[node name="Monster2" parent="YSort" instance=ExtResource( 9 )]
position = Vector2( 2176, 128 )

[node name="CanvasLayer" parent="." instance=ExtResource( 10 )]

[node name="Transition" parent="CanvasLayer" index="0"]
visible = false

[editable path="StairCase"]

[editable path="CanvasLayer"]
