[gd_scene load_steps=6 format=2]

[ext_resource path="res://audio/bgm/2018-04-22_-_Dark_Winds_Chapter_1_-_David_Fesliyan.ogg" type="AudioStream" id=1]
[ext_resource path="res://scripts/bgm.gd" type="Script" id=2]
[ext_resource path="res://audio/bgm/chase1.wav" type="AudioStream" id=3]
[ext_resource path="res://audio/bgm/chase3.wav" type="AudioStream" id=4]
[ext_resource path="res://audio/bgm/chase2.wav" type="AudioStream" id=5]

[node name="bgm" type="Node"]
pause_mode = 2
script = ExtResource( 2 )

[node name="tracks" type="Node" parent="."]

[node name="horror_mood" type="AudioStreamPlayer" parent="tracks"]
stream = ExtResource( 1 )
volume_db = -60.0
bus = "Echo"

[node name="Tween" type="Tween" parent="tracks/horror_mood"]

[node name="chase_1" type="AudioStreamPlayer" parent="tracks"]
stream = ExtResource( 3 )
volume_db = -60.0

[node name="Tween" type="Tween" parent="tracks/chase_1"]

[node name="chase_2" type="AudioStreamPlayer" parent="tracks"]
stream = ExtResource( 5 )
volume_db = -60.0

[node name="Tween" type="Tween" parent="tracks/chase_2"]

[node name="chase_3" type="AudioStreamPlayer" parent="tracks"]
stream = ExtResource( 4 )
volume_db = -60.0

[node name="Tween" type="Tween" parent="tracks/chase_3"]
