[gd_scene load_steps=20 format=2]

[ext_resource path="res://assets/backgrounds/background.png" type="Texture" id=1]
[ext_resource path="res://assets/backgrounds/tower sprite.png" type="Texture" id=2]
[ext_resource path="res://scripts/Tower.gd" type="Script" id=3]
[ext_resource path="res://assets/backgrounds/moon.png" type="Texture" id=4]
[ext_resource path="res://assets/backgrounds/cloud.png" type="Texture" id=5]
[ext_resource path="res://Scenes/CanvasLayer.tscn" type="PackedScene" id=6]
[ext_resource path="res://Scenes/flame.tscn" type="PackedScene" id=7]
[ext_resource path="res://audio/sfx_trimmed/matchstick.wav" type="AudioStream" id=8]

[sub_resource type="Animation" id=1]
resource_name = "cloud_loop"
length = 5.0
tracks/0/type = "value"
tracks/0/path = NodePath(".:position")
tracks/0/interp = 1
tracks/0/loop_wrap = true
tracks/0/imported = false
tracks/0/enabled = true
tracks/0/keys = {
"times": PoolRealArray( 0, 5 ),
"transitions": PoolRealArray( 1, 1 ),
"update": 0,
"values": [ Vector2( -323.365, -321.346 ), Vector2( -275, -321.346 ) ]
}
tracks/1/type = "value"
tracks/1/path = NodePath(".:rotation_degrees")
tracks/1/interp = 1
tracks/1/loop_wrap = true
tracks/1/imported = false
tracks/1/enabled = true
tracks/1/keys = {
"times": PoolRealArray( 0 ),
"transitions": PoolRealArray( 1 ),
"update": 0,
"values": [ 0.0 ]
}
tracks/2/type = "value"
tracks/2/path = NodePath("moon:position")
tracks/2/interp = 1
tracks/2/loop_wrap = true
tracks/2/imported = false
tracks/2/enabled = true
tracks/2/keys = {
"times": PoolRealArray( 0 ),
"transitions": PoolRealArray( 1 ),
"update": 0,
"values": [ Vector2( 956.679, -11.68 ) ]
}
tracks/3/type = "value"
tracks/3/path = NodePath("moon:rotation_degrees")
tracks/3/interp = 1
tracks/3/loop_wrap = true
tracks/3/imported = false
tracks/3/enabled = true
tracks/3/keys = {
"times": PoolRealArray( 0, 5 ),
"transitions": PoolRealArray( 1, 1 ),
"update": 0,
"values": [ 0.0, 10.0 ]
}
tracks/4/type = "value"
tracks/4/path = NodePath("moon:scale")
tracks/4/interp = 1
tracks/4/loop_wrap = true
tracks/4/imported = false
tracks/4/enabled = true
tracks/4/keys = {
"times": PoolRealArray( 0 ),
"transitions": PoolRealArray( 1 ),
"update": 0,
"values": [ Vector2( 1, 1 ) ]
}

[sub_resource type="Shader" id=2]
resource_local_to_scene = true
code = "shader_type canvas_item;

// Gonkee's fire shader for Godot 3 - full tutorial https://youtu.be/CI3JZ-3cabg
// If you use this shader, I would prefer it if you gave credit to me and my channel

uniform vec4 transparent : hint_color;
uniform vec4 inner : hint_color;
uniform vec4 outer : hint_color;

uniform float inner_threshold = 0.4;
uniform float outer_threshold = 0.15;
uniform float soft_edge = 0.04;

uniform vec2 center = vec2(0.5, 0.8);

uniform int OCTAVES = 6;

float rand(vec2 coord){
	return fract(sin(dot(coord, vec2(12.9898, 78.233)))* 43758.5453123);
}

float noise(vec2 coord){
	vec2 i = floor(coord);
	vec2 f = fract(coord);

	// 4 corners of a rectangle surrounding our point
	float a = rand(i);
	float b = rand(i + vec2(1.0, 0.0));
	float c = rand(i + vec2(0.0, 1.0));
	float d = rand(i + vec2(1.0, 1.0));

	vec2 cubic = f * f * (3.0 - 2.0 * f);

	return mix(a, b, cubic.x) + (c - a) * cubic.y * (1.0 - cubic.x) + (d - b) * cubic.x * cubic.y;
}

float fbm(vec2 coord){
	float value = 0.0;
	float scale = 0.5;

	for(int i = 0; i < OCTAVES; i++){
		value += noise(coord) * scale;
		coord *= 2.0;
		scale *= 0.5;
	}
	return value;
}

float overlay(float base, float top) {
	if (base < 0.5) {
		return 2.0 * base * top;
	} else {
		return 1.0 - 2.0 * (1.0 - base) * (1.0 - top);
	}
}

float egg_shape(vec2 coord, float radius){
	vec2 diff = abs(coord - center);

	if (coord.y < center.y){
		diff.y /= 2.0;
	} else {
		diff.y *= 2.0;
	}

	float dist = sqrt(diff.x * diff.x + diff.y * diff.y) / radius;
	float value = sqrt(1.0 - dist * dist);
	return clamp(value, 0.0, 1.0);
}

void fragment() {
	vec2 coord = UV * 8.0;
	vec2 fbmcoord = coord / 6.0;

	float egg_s = egg_shape(UV, 0.4);
	egg_s += egg_shape(UV, 0.2) / 2.0;

	float noise1 = noise(coord + vec2(TIME * 0.25, TIME * 4.0));
	float noise2 = noise(coord + vec2(TIME * 0.5, TIME * 7.0));
	float combined_noise = (noise1 + noise2) / 2.0;

	float fbm_noise = fbm(fbmcoord + vec2(0.0, TIME * 3.0));
	fbm_noise = overlay(fbm_noise, UV.y);

	float everything_combined = combined_noise * fbm_noise * egg_s;

	if (everything_combined < outer_threshold){
		COLOR = transparent;
	} else if (everything_combined < outer_threshold + soft_edge){
		COLOR = mix(transparent, outer, (everything_combined - outer_threshold) / soft_edge);
	} else if (everything_combined < inner_threshold){
		COLOR = outer;
	} else if (everything_combined < inner_threshold + soft_edge){
		COLOR = mix(outer, inner, (everything_combined - inner_threshold) / soft_edge);
	} else {
		COLOR = inner;
	}

	//COLOR = vec4(vec3(everything_combined), 1.0);
}
"

[sub_resource type="ShaderMaterial" id=3]
resource_local_to_scene = true
shader = SubResource( 2 )
shader_param/transparent = Color( 1, 1, 1, 0 )
shader_param/inner = Color( 1, 0.494118, 0, 1 )
shader_param/outer = Color( 0.898039, 0.870588, 0.223529, 1 )
shader_param/inner_threshold = 0.4
shader_param/outer_threshold = 0.15
shader_param/soft_edge = 0.0
shader_param/center = Vector2( 0.5, 0.8 )
shader_param/OCTAVES = 6

[sub_resource type="Shader" id=4]
resource_local_to_scene = true
code = "shader_type canvas_item;

// Gonkee's fire shader for Godot 3 - full tutorial https://youtu.be/CI3JZ-3cabg
// If you use this shader, I would prefer it if you gave credit to me and my channel

uniform vec4 transparent : hint_color;
uniform vec4 inner : hint_color;
uniform vec4 outer : hint_color;

uniform float inner_threshold = 0.4;
uniform float outer_threshold = 0.15;
uniform float soft_edge = 0.04;

uniform vec2 center = vec2(0.5, 0.8);

uniform int OCTAVES = 6;

float rand(vec2 coord){
	return fract(sin(dot(coord, vec2(12.9898, 78.233)))* 43758.5453123);
}

float noise(vec2 coord){
	vec2 i = floor(coord);
	vec2 f = fract(coord);

	// 4 corners of a rectangle surrounding our point
	float a = rand(i);
	float b = rand(i + vec2(1.0, 0.0));
	float c = rand(i + vec2(0.0, 1.0));
	float d = rand(i + vec2(1.0, 1.0));

	vec2 cubic = f * f * (3.0 - 2.0 * f);

	return mix(a, b, cubic.x) + (c - a) * cubic.y * (1.0 - cubic.x) + (d - b) * cubic.x * cubic.y;
}

float fbm(vec2 coord){
	float value = 0.0;
	float scale = 0.5;

	for(int i = 0; i < OCTAVES; i++){
		value += noise(coord) * scale;
		coord *= 2.0;
		scale *= 0.5;
	}
	return value;
}

float overlay(float base, float top) {
	if (base < 0.5) {
		return 2.0 * base * top;
	} else {
		return 1.0 - 2.0 * (1.0 - base) * (1.0 - top);
	}
}

float egg_shape(vec2 coord, float radius){
	vec2 diff = abs(coord - center);

	if (coord.y < center.y){
		diff.y /= 2.0;
	} else {
		diff.y *= 2.0;
	}

	float dist = sqrt(diff.x * diff.x + diff.y * diff.y) / radius;
	float value = sqrt(1.0 - dist * dist);
	return clamp(value, 0.0, 1.0);
}

void fragment() {
	vec2 coord = UV * 8.0;
	vec2 fbmcoord = coord / 6.0;

	float egg_s = egg_shape(UV, 0.4);
	egg_s += egg_shape(UV, 0.2) / 2.0;

	float noise1 = noise(coord + vec2(TIME * 0.25, TIME * 4.0));
	float noise2 = noise(coord + vec2(TIME * 0.5, TIME * 7.0));
	float combined_noise = (noise1 + noise2) / 2.0;

	float fbm_noise = fbm(fbmcoord + vec2(0.0, TIME * 3.0));
	fbm_noise = overlay(fbm_noise, UV.y);

	float everything_combined = combined_noise * fbm_noise * egg_s;

	if (everything_combined < outer_threshold){
		COLOR = transparent;
	} else if (everything_combined < outer_threshold + soft_edge){
		COLOR = mix(transparent, outer, (everything_combined - outer_threshold) / soft_edge);
	} else if (everything_combined < inner_threshold){
		COLOR = outer;
	} else if (everything_combined < inner_threshold + soft_edge){
		COLOR = mix(outer, inner, (everything_combined - inner_threshold) / soft_edge);
	} else {
		COLOR = inner;
	}

	//COLOR = vec4(vec3(everything_combined), 1.0);
}
"

[sub_resource type="ShaderMaterial" id=5]
resource_local_to_scene = true
shader = SubResource( 4 )
shader_param/transparent = Color( 1, 1, 1, 0 )
shader_param/inner = Color( 1, 0.494118, 0, 1 )
shader_param/outer = Color( 0.898039, 0.870588, 0.223529, 1 )
shader_param/inner_threshold = 0.4
shader_param/outer_threshold = 0.15
shader_param/soft_edge = 0.0
shader_param/center = Vector2( 0.5, 0.8 )
shader_param/OCTAVES = 6

[sub_resource type="Shader" id=6]
resource_local_to_scene = true
code = "shader_type canvas_item;

// Gonkee's fire shader for Godot 3 - full tutorial https://youtu.be/CI3JZ-3cabg
// If you use this shader, I would prefer it if you gave credit to me and my channel

uniform vec4 transparent : hint_color;
uniform vec4 inner : hint_color;
uniform vec4 outer : hint_color;

uniform float inner_threshold = 0.4;
uniform float outer_threshold = 0.15;
uniform float soft_edge = 0.04;

uniform vec2 center = vec2(0.5, 0.8);

uniform int OCTAVES = 6;

float rand(vec2 coord){
	return fract(sin(dot(coord, vec2(12.9898, 78.233)))* 43758.5453123);
}

float noise(vec2 coord){
	vec2 i = floor(coord);
	vec2 f = fract(coord);

	// 4 corners of a rectangle surrounding our point
	float a = rand(i);
	float b = rand(i + vec2(1.0, 0.0));
	float c = rand(i + vec2(0.0, 1.0));
	float d = rand(i + vec2(1.0, 1.0));

	vec2 cubic = f * f * (3.0 - 2.0 * f);

	return mix(a, b, cubic.x) + (c - a) * cubic.y * (1.0 - cubic.x) + (d - b) * cubic.x * cubic.y;
}

float fbm(vec2 coord){
	float value = 0.0;
	float scale = 0.5;

	for(int i = 0; i < OCTAVES; i++){
		value += noise(coord) * scale;
		coord *= 2.0;
		scale *= 0.5;
	}
	return value;
}

float overlay(float base, float top) {
	if (base < 0.5) {
		return 2.0 * base * top;
	} else {
		return 1.0 - 2.0 * (1.0 - base) * (1.0 - top);
	}
}

float egg_shape(vec2 coord, float radius){
	vec2 diff = abs(coord - center);

	if (coord.y < center.y){
		diff.y /= 2.0;
	} else {
		diff.y *= 2.0;
	}

	float dist = sqrt(diff.x * diff.x + diff.y * diff.y) / radius;
	float value = sqrt(1.0 - dist * dist);
	return clamp(value, 0.0, 1.0);
}

void fragment() {
	vec2 coord = UV * 8.0;
	vec2 fbmcoord = coord / 6.0;

	float egg_s = egg_shape(UV, 0.4);
	egg_s += egg_shape(UV, 0.2) / 2.0;

	float noise1 = noise(coord + vec2(TIME * 0.25, TIME * 4.0));
	float noise2 = noise(coord + vec2(TIME * 0.5, TIME * 7.0));
	float combined_noise = (noise1 + noise2) / 2.0;

	float fbm_noise = fbm(fbmcoord + vec2(0.0, TIME * 3.0));
	fbm_noise = overlay(fbm_noise, UV.y);

	float everything_combined = combined_noise * fbm_noise * egg_s;

	if (everything_combined < outer_threshold){
		COLOR = transparent;
	} else if (everything_combined < outer_threshold + soft_edge){
		COLOR = mix(transparent, outer, (everything_combined - outer_threshold) / soft_edge);
	} else if (everything_combined < inner_threshold){
		COLOR = outer;
	} else if (everything_combined < inner_threshold + soft_edge){
		COLOR = mix(outer, inner, (everything_combined - inner_threshold) / soft_edge);
	} else {
		COLOR = inner;
	}

	//COLOR = vec4(vec3(everything_combined), 1.0);
}
"

[sub_resource type="ShaderMaterial" id=7]
resource_local_to_scene = true
shader = SubResource( 6 )
shader_param/transparent = Color( 1, 1, 1, 0 )
shader_param/inner = Color( 1, 0.494118, 0, 1 )
shader_param/outer = Color( 0.898039, 0.870588, 0.223529, 1 )
shader_param/inner_threshold = 0.4
shader_param/outer_threshold = 0.15
shader_param/soft_edge = 0.0
shader_param/center = Vector2( 0.5, 0.8 )
shader_param/OCTAVES = 6

[sub_resource type="Shader" id=8]
resource_local_to_scene = true
code = "shader_type canvas_item;

// Gonkee's fire shader for Godot 3 - full tutorial https://youtu.be/CI3JZ-3cabg
// If you use this shader, I would prefer it if you gave credit to me and my channel

uniform vec4 transparent : hint_color;
uniform vec4 inner : hint_color;
uniform vec4 outer : hint_color;

uniform float inner_threshold = 0.4;
uniform float outer_threshold = 0.15;
uniform float soft_edge = 0.04;

uniform vec2 center = vec2(0.5, 0.8);

uniform int OCTAVES = 6;

float rand(vec2 coord){
	return fract(sin(dot(coord, vec2(12.9898, 78.233)))* 43758.5453123);
}

float noise(vec2 coord){
	vec2 i = floor(coord);
	vec2 f = fract(coord);

	// 4 corners of a rectangle surrounding our point
	float a = rand(i);
	float b = rand(i + vec2(1.0, 0.0));
	float c = rand(i + vec2(0.0, 1.0));
	float d = rand(i + vec2(1.0, 1.0));

	vec2 cubic = f * f * (3.0 - 2.0 * f);

	return mix(a, b, cubic.x) + (c - a) * cubic.y * (1.0 - cubic.x) + (d - b) * cubic.x * cubic.y;
}

float fbm(vec2 coord){
	float value = 0.0;
	float scale = 0.5;

	for(int i = 0; i < OCTAVES; i++){
		value += noise(coord) * scale;
		coord *= 2.0;
		scale *= 0.5;
	}
	return value;
}

float overlay(float base, float top) {
	if (base < 0.5) {
		return 2.0 * base * top;
	} else {
		return 1.0 - 2.0 * (1.0 - base) * (1.0 - top);
	}
}

float egg_shape(vec2 coord, float radius){
	vec2 diff = abs(coord - center);

	if (coord.y < center.y){
		diff.y /= 2.0;
	} else {
		diff.y *= 2.0;
	}

	float dist = sqrt(diff.x * diff.x + diff.y * diff.y) / radius;
	float value = sqrt(1.0 - dist * dist);
	return clamp(value, 0.0, 1.0);
}

void fragment() {
	vec2 coord = UV * 8.0;
	vec2 fbmcoord = coord / 6.0;

	float egg_s = egg_shape(UV, 0.4);
	egg_s += egg_shape(UV, 0.2) / 2.0;

	float noise1 = noise(coord + vec2(TIME * 0.25, TIME * 4.0));
	float noise2 = noise(coord + vec2(TIME * 0.5, TIME * 7.0));
	float combined_noise = (noise1 + noise2) / 2.0;

	float fbm_noise = fbm(fbmcoord + vec2(0.0, TIME * 3.0));
	fbm_noise = overlay(fbm_noise, UV.y);

	float everything_combined = combined_noise * fbm_noise * egg_s;

	if (everything_combined < outer_threshold){
		COLOR = transparent;
	} else if (everything_combined < outer_threshold + soft_edge){
		COLOR = mix(transparent, outer, (everything_combined - outer_threshold) / soft_edge);
	} else if (everything_combined < inner_threshold){
		COLOR = outer;
	} else if (everything_combined < inner_threshold + soft_edge){
		COLOR = mix(outer, inner, (everything_combined - inner_threshold) / soft_edge);
	} else {
		COLOR = inner;
	}

	//COLOR = vec4(vec3(everything_combined), 1.0);
}
"

[sub_resource type="ShaderMaterial" id=9]
resource_local_to_scene = true
shader = SubResource( 8 )
shader_param/transparent = Color( 1, 1, 1, 0 )
shader_param/inner = Color( 1, 0.494118, 0, 1 )
shader_param/outer = Color( 0.898039, 0.870588, 0.223529, 1 )
shader_param/inner_threshold = 0.4
shader_param/outer_threshold = 0.15
shader_param/soft_edge = 0.0
shader_param/center = Vector2( 0.5, 0.8 )
shader_param/OCTAVES = 6

[sub_resource type="Shader" id=10]
resource_local_to_scene = true
code = "shader_type canvas_item;

// Gonkee's fire shader for Godot 3 - full tutorial https://youtu.be/CI3JZ-3cabg
// If you use this shader, I would prefer it if you gave credit to me and my channel

uniform vec4 transparent : hint_color;
uniform vec4 inner : hint_color;
uniform vec4 outer : hint_color;

uniform float inner_threshold = 0.4;
uniform float outer_threshold = 0.15;
uniform float soft_edge = 0.04;

uniform vec2 center = vec2(0.5, 0.8);

uniform int OCTAVES = 6;

float rand(vec2 coord){
	return fract(sin(dot(coord, vec2(12.9898, 78.233)))* 43758.5453123);
}

float noise(vec2 coord){
	vec2 i = floor(coord);
	vec2 f = fract(coord);

	// 4 corners of a rectangle surrounding our point
	float a = rand(i);
	float b = rand(i + vec2(1.0, 0.0));
	float c = rand(i + vec2(0.0, 1.0));
	float d = rand(i + vec2(1.0, 1.0));

	vec2 cubic = f * f * (3.0 - 2.0 * f);

	return mix(a, b, cubic.x) + (c - a) * cubic.y * (1.0 - cubic.x) + (d - b) * cubic.x * cubic.y;
}

float fbm(vec2 coord){
	float value = 0.0;
	float scale = 0.5;

	for(int i = 0; i < OCTAVES; i++){
		value += noise(coord) * scale;
		coord *= 2.0;
		scale *= 0.5;
	}
	return value;
}

float overlay(float base, float top) {
	if (base < 0.5) {
		return 2.0 * base * top;
	} else {
		return 1.0 - 2.0 * (1.0 - base) * (1.0 - top);
	}
}

float egg_shape(vec2 coord, float radius){
	vec2 diff = abs(coord - center);

	if (coord.y < center.y){
		diff.y /= 2.0;
	} else {
		diff.y *= 2.0;
	}

	float dist = sqrt(diff.x * diff.x + diff.y * diff.y) / radius;
	float value = sqrt(1.0 - dist * dist);
	return clamp(value, 0.0, 1.0);
}

void fragment() {
	vec2 coord = UV * 8.0;
	vec2 fbmcoord = coord / 6.0;

	float egg_s = egg_shape(UV, 0.4);
	egg_s += egg_shape(UV, 0.2) / 2.0;

	float noise1 = noise(coord + vec2(TIME * 0.25, TIME * 4.0));
	float noise2 = noise(coord + vec2(TIME * 0.5, TIME * 7.0));
	float combined_noise = (noise1 + noise2) / 2.0;

	float fbm_noise = fbm(fbmcoord + vec2(0.0, TIME * 3.0));
	fbm_noise = overlay(fbm_noise, UV.y);

	float everything_combined = combined_noise * fbm_noise * egg_s;

	if (everything_combined < outer_threshold){
		COLOR = transparent;
	} else if (everything_combined < outer_threshold + soft_edge){
		COLOR = mix(transparent, outer, (everything_combined - outer_threshold) / soft_edge);
	} else if (everything_combined < inner_threshold){
		COLOR = outer;
	} else if (everything_combined < inner_threshold + soft_edge){
		COLOR = mix(outer, inner, (everything_combined - inner_threshold) / soft_edge);
	} else {
		COLOR = inner;
	}

	//COLOR = vec4(vec3(everything_combined), 1.0);
}
"

[sub_resource type="ShaderMaterial" id=11]
resource_local_to_scene = true
shader = SubResource( 10 )
shader_param/transparent = Color( 1, 1, 1, 0 )
shader_param/inner = Color( 1, 0.494118, 0, 1 )
shader_param/outer = Color( 0.898039, 0.870588, 0.223529, 1 )
shader_param/inner_threshold = 0.4
shader_param/outer_threshold = 0.15
shader_param/soft_edge = 0.0
shader_param/center = Vector2( 0.5, 0.8 )
shader_param/OCTAVES = 6

[node name="Tower" type="Node2D"]
script = ExtResource( 3 )

[node name="match_sfx" type="AudioStreamPlayer" parent="."]
stream = ExtResource( 8 )

[node name="tower" type="Sprite" parent="."]
texture = ExtResource( 1 )

[node name="Camera2D" type="Camera2D" parent="tower"]
current = true

[node name="cloud5" type="Sprite" parent="tower"]
modulate = Color( 1, 1, 1, 0.345098 )
position = Vector2( -757.29, -237.599 )
scale = Vector2( 0.4, 0.4 )
texture = ExtResource( 5 )

[node name="cloud6" type="Sprite" parent="tower"]
modulate = Color( 1, 1, 1, 0.345098 )
position = Vector2( -368.765, -468.555 )
scale = Vector2( 0.4, 0.4 )
texture = ExtResource( 5 )

[node name="cloud7" type="Sprite" parent="tower"]
modulate = Color( 1, 1, 1, 0.345098 )
position = Vector2( 276.617, -228.965 )
scale = Vector2( 0.4, 0.4 )
texture = ExtResource( 5 )

[node name="cloud8" type="Sprite" parent="tower"]
modulate = Color( 1, 1, 1, 0.345098 )
position = Vector2( 794.65, -431.861 )
scale = Vector2( 0.4, 0.4 )
texture = ExtResource( 5 )

[node name="Clouds" type="Node2D" parent="tower"]
position = Vector2( -323.365, -321.346 )

[node name="moon" type="Sprite" parent="tower/Clouds"]
position = Vector2( 956.679, -11.68 )
texture = ExtResource( 4 )

[node name="cloud1" type="Sprite" parent="tower/Clouds"]
texture = ExtResource( 5 )

[node name="cloud2" type="Sprite" parent="tower/Clouds"]
position = Vector2( 766.614, 163.678 )
texture = ExtResource( 5 )

[node name="cloud6" type="Sprite" parent="tower/Clouds"]
position = Vector2( -893.548, 190.401 )
texture = ExtResource( 5 )

[node name="cloud3" type="Sprite" parent="tower/Clouds"]
position = Vector2( 552.83, -252.198 )
texture = ExtResource( 5 )

[node name="cloud4" type="Sprite" parent="tower/Clouds"]
position = Vector2( 1446.38, -50.1055 )
texture = ExtResource( 5 )

[node name="cloud7" type="Sprite" parent="tower/Clouds"]
position = Vector2( -708.157, -101.881 )
texture = ExtResource( 5 )

[node name="AnimationPlayer" type="AnimationPlayer" parent="tower/Clouds"]
anims/cloud_loop = SubResource( 1 )

[node name="tower sprite" type="Sprite" parent="tower"]
position = Vector2( 0, -27.218 )
texture = ExtResource( 2 )

[node name="flames" type="Node2D" parent="."]
position = Vector2( 0, -66.2325 )

[node name="1" parent="flames" instance=ExtResource( 7 )]
material = SubResource( 3 )
position = Vector2( 0, 415.276 )

[node name="2" parent="flames" instance=ExtResource( 7 )]
material = SubResource( 5 )
position = Vector2( 0, 253.606 )

[node name="3" parent="flames" instance=ExtResource( 7 )]
material = SubResource( 7 )
position = Vector2( 0, 115.824 )

[node name="4" parent="flames" instance=ExtResource( 7 )]
material = SubResource( 9 )
position = Vector2( 0, -23.063 )

[node name="5" parent="flames" instance=ExtResource( 7 )]
material = SubResource( 11 )
position = Vector2( 0, -157.522 )

[node name="6" parent="flames" instance=ExtResource( 7 )]
material = SubResource( 11 )
position = Vector2( 0, -294.773 )

[node name="CanvasLayer" parent="." instance=ExtResource( 6 )]

[node name="Transition" parent="CanvasLayer" index="0"]
visible = false

[editable path="CanvasLayer"]
